@article{mccabe1976complexity,
  title={A complexity measure},
  author={McCabe, Thomas J},
  journal={Software Engineering, IEEE Transactions on},
  number={4},
  pages={308--320},
  year={1976},
  publisher={IEEE}
}

@article{menzies2007data,
  title={Data mining static code attributes to learn defect predictors},
  author={Menzies, Tim and Greenwald, Jeremy and Frank, Art},
  journal={Software Engineering, IEEE Transactions on},
  volume={33},
  number={1},
  pages={2--13},
  year={2007},
  publisher={IEEE}
}

@article{lessmann2008benchmarking,
  title={Benchmarking classification models for software defect prediction: A proposed framework and novel findings},
  author={Lessmann, Stefan and Baesens, Bart and Mues, Christophe and Pietsch, Swantje},
  journal={Software Engineering, IEEE Transactions on},
  volume={34},
  number={4},
  pages={485--496},
  year={2008},
  publisher={IEEE}
}

@article{menzies2010defect,
  title={Defect prediction from static code features: current results, limitations, new approaches},
  author={Menzies, Tim and Milton, Zach and Turhan, Burak and Cukic, Bojan and Jiang, Yue and Bener, Ay{\c{s}}e},
  journal={Automated Software Engineering},
  volume={17},
  number={4},
  pages={375--407},
  year={2010},
  publisher={Springer}
}

@inproceedings{jiang2008can,
  title={Can data transformation help in the detection of fault-prone modules?},
  author={Jiang, Yue and Cukic, Bojan and Menzies, Tim},
  booktitle={Proceedings of the 2008 workshop on Defects in large software systems},
  pages={16--20},
  year={2008},
  organization={ACM}
}

@article{menzies2013local,
  title={Local versus global lessons for defect prediction and effort estimation},
  author={Menzies, Tim and Butcher, Andrew and Cok, David and Marcus, Andrian and Layman, Lucas and Shull, Forrest and Turhan, Burak and Zimmermann, Thomas},
  journal={Software Engineering, IEEE Transactions on},
  volume={39},
  number={6},
  pages={822--834},
  year={2013},
  publisher={IEEE}
}

@article{song2011general,
  title={A general software defect-proneness prediction framework},
  author={Song, Qinbao and Jia, Zihan and Shepperd, Martin and Ying, Shi and Liu, Jin},
  journal={Software Engineering, IEEE Transactions on},
  volume={37},
  number={3},
  pages={356--370},
  year={2011},
  publisher={IEEE}
}

@article{storn1997differential,
  title={Differential evolution--a simple and efficient heuristic for global optimization over continuous spaces},
  author={Storn, Rainer and Price, Kenneth},
  journal={Journal of global optimization},
  volume={11},
  number={4},
  pages={341--359},
  year={1997},
  publisher={Springer}
}

@inproceedings{omran2005differential,
  title={Differential evolution methods for unsupervised image classification},
  author={Omran, Mahamed GH and Engelbrecht, Andries Petrus and Salman, Ayed},
  booktitle={Evolutionary Computation, 2005. The 2005 IEEE Congress on},
  volume={2},
  pages={966--973},
  year={2005},
  organization={IEEE}
}

@inproceedings{chiha2012tuning,
  title={Tuning PID controller with multi-objective differential evolution},
  author={Chiha, I and Ghabi, J and Liouane, N},
  booktitle={Communications Control and Signal Processing (ISCCSP), 2012 5th International Symposium on},
  pages={1--4},
  year={2012},
  organization={IEEE}
}

@book{faloutsos1995fastmap,
  title={FastMap: A fast algorithm for indexing, data-mining and visualization of traditional and multimedia datasets},
  author={Faloutsos, Christos and Lin, King-Ip},
  volume={24},
  number={2},
  year={1995},
  publisher={ACM}
}

@inproceedings{irani1993multi,
  title={Multi-interval discretization of continuous-valued attributes for classification learning},
  author={Irani, Keki B},
  booktitle={Thirteenth International Joint Conference on Artificial Intelligence},
  pages = {1022--1027},
  year={1993}
}

@book{breiman84,
author = "L. Breiman and J. H. Friedman and R. A. Olshen and
C. J. Stone",
title = "Classification and Regression Trees",
institution = "Wadsworth International, Monterey, CA",
year = 1984,
annote = "cart algorithm"
}

@misc{brieman00,
  title= "Random Forests",
  author="Leo Breiman and Adele Cutler",
 year=2001,
 note="https://www.stat.berkeley.edu/~breiman/RandomForests"
}

@inproceedings{guo2004robust,
  title={Robust prediction of fault-proneness by random forests},
  author={Guo, Lan and Ma, Yan and Cukic, Bojan and Singh, Harshinder},
  booktitle={Software Reliability Eng, 2004. ISSRE 2004. 15th Int'l Symp on},
  pages={417--428},
  year={2004},
  organization={IEEE}
}

@article{khoshgoftaar1999logistic,
  title={Logistic regression modeling of software quality},
  author={Khoshgoftaar, Taghi M and Allen, Edward B},
  journal={International Journal of Reliability, Quality and Safety Engineering},
  volume={6},
  number={04},
  pages={303--317},
  year={1999},
  publisher={World Scientific}
}

@article{zhang2007comments,
  title={Comments on ?Data mining static code attributes to learn defect predictors?},
  author={Zhang, Hongyu and Zhang, Xiuzhen},
  journal={IEEE Transactions on Software Engineering},
  volume={33},
  number={9},
  pages={635},
  year={2007}
}

@article{scikit-learn,
 title={Scikit-learn: Machine Learning in {P}ython},
 author={Pedregosa, F. and Varoquaux, G. and Gramfort, A. and Michel, V.
         and Thirion, B. and Grisel, O. and Blondel, M. and Prettenhofer, P.
         and Weiss, R. and Dubourg, V. and Vanderplas, J. and Passos, A. and
         Cournapeau, D. and Brucher, M. and Perrot, M. and Duchesnay, E.},
 journal={Journal of Machine Learning Research},
 volume={12},
 pages={2825--2830},
 year={2011}
}

@article{mittas2013ranking,
  title={Ranking and clustering software cost estimation models through a multiple comparisons algorithm},
  author={Mittas, Nikolaos and Angelis, Lefteris},
  journal={Software Engineering, IEEE Transactions on},
  volume={39},
  number={4},
  pages={537--551},
  year={2013},
  publisher={IEEE}
}

@inproceedings{rahman2013how,
  title={How, and why, process metrics are better},
  author={Rahman, Foyzur and Devanbu, Premkumar},
  booktitle={Proceedings of the 2013 International Conference on Software Engineering},
  pages={432--441},
  year={2013},
  organization={IEEE Press}
}

@article{Radjenovi?20131397,
title = "Software fault prediction metrics: A systematic literature review ",
journal = "Information and Software Technology ",
volume = "55",
number = "8",
pages = "1397 - 1418",
year = "2013",
note = "",
issn = "0950-5849",
doi = "http://dx.doi.org/10.1016/j.infsof.2013.02.009",
url = "http://www.sciencedirect.com/science/article/pii/S0950584913000426",
author = "Danijel Radjenovi? and Marjan Heri?ko and Richard Torkar and Ale� �ivkovi?",
keywords = "Software metric",
keywords = "Software fault prediction",
keywords = "Systematic literature review "
}



